@article{schaefer2010,
  title={Assessing the effectiveness of a large database of emotion-eliciting films: A new tool for emotion researchers},
  author={Schaefer, Alexandre and Nils, Fr{\'e}d{\'e}ric and Sanchez, Xavier and Philippot, Pierre},
  journal={Cognition and Emotion},
  volume={24},
  number={7},
  pages={1153--1172},
  year={2010},
  publisher={Taylor \& Francis}
}
@article{watson1988,
  title={Development and validation of brief measures of positive and negative affect: the PANAS scales.},
  author={Watson, David and Clark, Lee Anna and Tellegen, Auke},
  journal={Journal of personality and social psychology},
  volume={54},
  number={6},
  pages={1063},
  year={1988},
  publisher={American Psychological Association}
}
@article{everett2013,
  title={The 12 item social and economic conservatism scale (SECS)},
  author={Everett, Jim AC},
  journal={PloS one},
  volume={8},
  number={12},
  pages={e82131},
  year={2013},
  publisher={Public Library of Science}
}
@article{gosling2003,
  title={A very brief measure of the Big-Five personality domains},
  author={Gosling, Samuel D and Rentfrow, Peter J and Swann Jr, William B},
  journal={Journal of Research in personality},
  volume={37},
  number={6},
  pages={504--528},
  year={2003},
  publisher={Elsevier}
}
@article{cacioppo1984,
  title={The efficient assessment of need for cognition},
  author={Cacioppo, John T and Petty, Richard E and Feng Kao, Chuan},
  journal={Journal of personality assessment},
  volume={48},
  number={3},
  pages={306--307},
  year={1984},
  publisher={Taylor \& Francis}
}
@article{gross2003,
  title={Individual differences in two emotion regulation processes: implications for affect, relationships, and well-being.},
  author={Gross, James J and John, Oliver P},
  journal={Journal of personality and social psychology},
  volume={85},
  number={2},
  pages={348},
  year={2003},
  publisher={American Psychological Association}
}
